{
  "leader": "04919cam a2200445 a 4500",
  "fields": [
    {
      "001": "ocm36910866\\"
    },
    {
      "003": "OCoLC"
    },
    {
      "005": "20220705144439.0"
    },
    {
      "008": "970522s1997\\\\\\\\nyua\\\\\\\\\\b\\\\\\\\000\\0\\eng\\d"
    },
    {
      "010": {
        "ind1": "\\",
        "ind2": "\\",
        "subfields": [
          {
            "a": "   97154294 "
          }
        ]
      }
    },
    {
      "040": {
        "ind1": "\\",
        "ind2": "\\",
        "subfields": [
          {
            "a": "WMaALP"
          },
          {
            "b": "eng"
          },
          {
            "c": "DLC"
          },
          {
            "d": "WIG"
          },
          {
            "d": "BTCTA"
          },
          {
            "d": "GBVCP"
          },
          {
            "d": "OCLCF"
          },
          {
            "d": "EEK"
          },
          {
            "d": "OCLCQ"
          },
          {
            "d": "OCLCO"
          }
        ]
      }
    },
    {
      "035": {
        "ind1": "\\",
        "ind2": "\\",
        "subfields": [
          {
            "a": "(OCoLC)36910866"
          }
        ]
      }
    },
    {
      "042": {
        "ind1": "\\",
        "ind2": "\\",
        "subfields": [
          {
            "a": "lccopycat"
          }
        ]
      }
    },
    {
      "043": {
        "ind1": "\\",
        "ind2": "\\",
        "subfields": [
          {
            "a": "n-us---"
          }
        ]
      }
    },
    {
      "050": {
        "ind1": "0",
        "ind2": "0",
        "subfields": [
          {
            "a": "HV91"
          },
          {
            "b": ".B574 1997"
          }
        ]
      }
    },
    {
      "082": {
        "ind1": "0",
        "ind2": "4",
        "subfields": [
          {
            "a": "361.68"
          },
          {
            "b": "BLO"
          }
        ]
      }
    },
    {
      "100": {
        "ind1": "1",
        "ind2": "\\",
        "subfields": [
          {
            "a": "Bloom, Dan."
          }
        ]
      }
    },
    {
      "245": {
        "ind1": "1",
        "ind2": "0",
        "subfields": [
          {
            "a": "After AFDC :"
          },
          {
            "b": "welfare-to-work choices and challenges for states /"
          },
          {
            "c": "Dan Bloom."
          }
        ]
      }
    },
    {
      "260": {
        "ind1": "\\",
        "ind2": "\\",
        "subfields": [
          {
            "a": "New York, N.Y. :"
          },
          {
            "b": "MDRC :"
          },
          {
            "b": "Distributed in association with the Welfare Information Network (WIN),"
          },
          {
            "c": "\u00a91997."
          }
        ]
      }
    },
    {
      "300": {
        "ind1": "\\",
        "ind2": "\\",
        "subfields": [
          {
            "a": "viii, 135 pages :"
          },
          {
            "b": "illustrations ;"
          },
          {
            "c": "26 cm."
          }
        ]
      }
    },
    {
      "336": {
        "ind1": "\\",
        "ind2": "\\",
        "subfields": [
          {
            "a": "text"
          },
          {
            "b": "txt"
          },
          {
            "2": "rdacontent"
          }
        ]
      }
    },
    {
      "337": {
        "ind1": "\\",
        "ind2": "\\",
        "subfields": [
          {
            "a": "unmediated"
          },
          {
            "b": "n"
          },
          {
            "2": "rdamedia"
          }
        ]
      }
    },
    {
      "338": {
        "ind1": "\\",
        "ind2": "\\",
        "subfields": [
          {
            "a": "volume"
          },
          {
            "b": "nc"
          },
          {
            "2": "rdacarrier"
          }
        ]
      }
    },
    {
      "490": {
        "ind1": "1",
        "ind2": "\\",
        "subfields": [
          {
            "a": "ReWorking welfare"
          }
        ]
      }
    },
    {
      "504": {
        "ind1": "\\",
        "ind2": "\\",
        "subfields": [
          {
            "a": "Includes bibliographical references (pages 117-129)."
          }
        ]
      }
    },
    {
      "505": {
        "ind1": "0",
        "ind2": "\\",
        "subfields": [
          {
            "a": "pt. I. The context of welfare reform. 1. Defining the goals of welfare reform. Why is welfare unpopular? -- What are the objectives of welfare reform? -- A focus on work -- The 1996 Federal Welfare Law: magnifying the need for effective work strategies -- 2. The starting point: welfare recipients, the labor market, and welfare as we have known it. Characteristics of welfare recipients : What are the demographic characteristics of welfare recipients? ; How long do people receive welfare? ; How many welfare recipients work, and how many could work? -- Characteristics of the labor market for low-skilled women : Are there enough jobs? ; What kinds of jobs are available to welfare recipients? -- Key features of the welfare system : How much is spent on welfare? ; How much does each family on welfare get? ; Has the welfare system discouraged work? -- What are the implications for welfare reform?"
          }
        ]
      }
    },
    {
      "505": {
        "ind1": "0",
        "ind2": "\\",
        "subfields": [
          {
            "a": "pt. II. Increasing work and self-sufficiency among welfare recipients: the research record. 3. Welfare-to-work programs. What can welfare-to-work programs accomplish, and what are their limitations? -- How do welfare-to-work programs affect government budgets and participants' financial well-being? -- Which works best: moving welfare recipients into jobs quickly, building their skills first, or using a mixed strategy? -- What other factors affect the success of welfare-to-work programs? -- What is the highest feasible rate of participation in a welfare-to-work program? -- What strategies work best for teenagers in households receiving AFDC? -- What are the biggest unanswered questions about welfare-to-work programs? -- 4. Mandatory work and subsidized employment. What are the basic approaches to mandatory work for welfare recipients? -- Why have there been so few large-scale work programs for welfare recipients? -- Do work requirements translate into \"make-work\" jobs? -- Do work requirements reduce welfare caseloads? -- Are work requirements cost-effective? -- What are the pros and cons of subsidizing employers to hire welfare recipients? -- Can work experience programs succeed with the most disadvantaged welfare recipients? -- What are the biggest unanswered questions about mandatory work? -- 5. Changing financial incentives. What are the key strategies for making work pay? -- What are the benefits and costs of make-work-pay policies? -- What factors might influence the effectiveness of a financial incentive program? -- What are the pros and cons of alternative strategies for making work pay? -- What are the biggest unanswered questions about policies for changing work incentives? -- 6. Time limits. What are the opportunities and risks of different approaches to time-limited welfare? -- How many people will reach time limits, and who will they be? -- What are the early lessons about operating time-limited welfare programs? -- What kinds of policies should be implemented along with time limits? -- What are the key unanswered questions about time-limited welfare?"
          }
        ]
      }
    },
    {
      "505": {
        "ind1": "0",
        "ind2": "\\",
        "subfields": [
          {
            "a": "pt. III. Conclusions. 7. Summing up. A summary: goals and tradeoffs -- The first step: clarifying goals -- The key challenges -- Common pitfalls -- New opportunities -- Appendix: Work-related provisions of the 1996 Federal Welfare Law -- Selected publications on MDRC projects."
          }
        ]
      }
    },
    {
      "650": {
        "ind1": "\\",
        "ind2": "0",
        "subfields": [
          {
            "a": "Welfare recipients"
          },
          {
            "x": "Employment"
          },
          {
            "z": "United States."
          }
        ]
      }
    },
    {
      "650": {
        "ind1": "\\",
        "ind2": "0",
        "subfields": [
          {
            "a": "Public welfare"
          },
          {
            "z": "United States."
          }
        ]
      }
    },
    {
      "650": {
        "ind1": "\\",
        "ind2": "0",
        "subfields": [
          {
            "a": "Aid to families with dependent children programs."
          }
        ]
      }
    },
    {
      "650": {
        "ind1": "\\",
        "ind2": "7",
        "subfields": [
          {
            "a": "Aid to families with dependent children programs."
          },
          {
            "2": "fast"
          },
          {
            "0": "(OCoLC)fst00801963"
          }
        ]
      }
    },
    {
      "650": {
        "ind1": "\\",
        "ind2": "7",
        "subfields": [
          {
            "a": "Public welfare."
          },
          {
            "2": "fast"
          },
          {
            "0": "(OCoLC)fst01083250"
          }
        ]
      }
    },
    {
      "650": {
        "ind1": "\\",
        "ind2": "7",
        "subfields": [
          {
            "a": "Welfare recipients"
          },
          {
            "x": "Employment."
          },
          {
            "2": "fast"
          },
          {
            "0": "(OCoLC)fst01173646"
          }
        ]
      }
    },
    {
      "651": {
        "ind1": "\\",
        "ind2": "7",
        "subfields": [
          {
            "a": "United States."
          },
          {
            "2": "fast"
          },
          {
            "0": "(OCoLC)fst01204155"
          }
        ]
      }
    },
    {
      "710": {
        "ind1": "2",
        "ind2": "\\",
        "subfields": [
          {
            "a": "Manpower Demonstration Research Corporation."
          }
        ]
      }
    },
    {
      "830": {
        "ind1": "\\",
        "ind2": "0",
        "subfields": [
          {
            "a": "ReWorking welfare."
          }
        ]
      }
    },
    {
      "994": {
        "ind1": "\\",
        "ind2": "\\",
        "subfields": [
          {
            "a": "Z0"
          },
          {
            "b": "NYRVC"
          }
        ]
      }
    },
    {
      "948": {
        "ind1": "\\",
        "ind2": "\\",
        "subfields": [
          {
            "h": "NO HOLDINGS IN NYRVC - 49 OTHER HOLDINGS"
          }
        ]
      }
    },
    {
      "999": {
        "ind1": "\\",
        "ind2": "\\",
        "subfields": [
          {
            "a": "00000000019057"
          }
        ]
      }
    }
  ]
}